@Misc{pynomo,
	author = 			 {Leif Roschier},
	title = 			 {PyNomo - Nomographs (nomograms) with python},
	howpublished = {\url{http://pynomo.org/}},
	year = 				 {2009},
}
@Misc{d3js,
	author = 			 {Michael Bostock},
	title = 			 {Data-Driven Documents},
	howpublished = {\url{http://d3js.org/}},
	year = 				 {2013},
}
@Misc{flask,
	author = 			 {Armin Ronacher and contributors},
	title = 			 {Flask},
	howpublished = {\url{http://flask.pocoo.org/}},
	year = 				 {2013},
}
@book{raskin,
  author={Raskin, Jef},
  title={The humane interface: new directions for designing interactive systems},
  year={2000},
  publisher={Addison-Wesley Professional}
}
@Misc{nhlbi-bmi,
	author = 			 {National Heart, Lung \and Blood Institute},
	title = 			 {Calculate Your Body Mass Index},
}
@article{sci-am,
  title={When slide rules ruled},
  author={Stoll, Cliff},
  journal={Scientific American},
  volume={294},
  number={5},
  pages={80--87},
  year={2006},
  publisher={Nature Publishing Group}
}
@book{card1999readings,
  title={Readings in information visualization: using vision to think},
  author={Card, Stuart K and Mackinlay, Jock D and Schneiderman, Ben},
  year={1999},
  publisher={Morgan Kaufmann}
}
@Misc{jones-java,
	author = 			 {T. B. Jones and R. Camara and and A. Marrero},
	title = 			 {On-line Tool for Creating Custom, Interactive Nomograms},
	year = 				 {2009},
	howpublished = {\url{http://www.ece.rochester.edu/~jones/NomoDevel/nomogram.htm}},
}

